@inproceedings{regin94,
  author    = {Jean-Charles R{\'e}gin},
  title     = {{A Filtering Algorithm for Constraints of Difference in CSPs}},
  booktitle = {AAAI},
  year      = {1994},
  pages     = {362-367}
}

@inproceedings{trick2002,
  author    = {Michael A. Trick},
  title     = {Integer and Constraint Programming Approaches for Round-Robin Tournament
               Scheduling},
  booktitle = {Practice and Theory of Automated Timetabling IV, 4th International
               Conference, {PATAT} 2002, Gent, Belgium, August 21-23, 2002, Selected
               Revised Papers},
  year      = {2002},
  pages     = {63--77},
  url       = {http://dx.doi.org/10.1007/978-3-540-45157-0_4},
  doi       = {10.1007/978-3-540-45157-0_4}
}

@article{trick2008,
  author    = {Rasmus V. Rasmussen and
               Michael A. Trick},
  title     = {Round robin scheduling - a survey},
  journal   = {European Journal of Operational Research},
  year      = {2008},
  volume    = {188},
  number    = {3},
  pages     = {617--636},
  url       = {http://dx.doi.org/10.1016/j.ejor.2007.05.046},
  doi       = {10.1016/j.ejor.2007.05.046}
}

@article{henz2004,
  author    = {Martin Henz and
               Tobias M{\"{u}}ller and
               Sven Thiel},
  title     = {Global constraints for round robin tournament scheduling},
  journal   = {European Journal of Operational Research},
  year      = {2004},
  volume    = {153},
  number    = {1},
  pages     = {92--101},
  url       = {http://dx.doi.org/10.1016/S0377-2217(03)00101-2},
  doi       = {10.1016/S0377-2217(03)00101-2},
  timestamp = {Thu, 20 Nov 2014 13:48:55 +0100}
}

@misc{isaf,
    author = {{International Sailing Federation}},
    title = {{ISAF International Umpires' and Match Racing Manual}},
    pages = {1-211},
    year = {2012}
}

@inproceedings{Pesant04,
  author    = {Gilles Pesant},
  title     = {A Regular Language Membership Constraint for Finite Sequences of Variables},
  booktitle = {Principles and Practice of Constraint Programming - {CP} 2004, 10th
               International Conference, {CP} 2004, Toronto, Canada, September 27
               - October 1, 2004, Proceedings},
  pages     = {482--495},
  year      = {2004},
  url       = {http://dx.doi.org/10.1007/978-3-540-30201-8_36},
  doi       = {10.1007/978-3-540-30201-8_36},
  timestamp = {Wed, 10 Aug 2011 18:01:07 +0200},
  biburl    = {http://dblp.uni-trier.de/rec/bib/conf/cp/Pesant04},
  bibsource = {dblp computer science bibliography, http://dblp.org}
}

@inproceedings{globCard,
year={2003},
isbn={978-3-540-20202-8},
booktitle={Principles and Practice of Constraint Programming – CP 2003},
volume={2833},
series={Lecture Notes in Computer Science},
editor={Rossi, Francesca},
doi={10.1007/978-3-540-45193-8_41},
title={An Efficient Bounds Consistency Algorithm for the Global Cardinality Constraint},
url={http://dx.doi.org/10.1007/978-3-540-45193-8_41},
publisher={Springer Berlin Heidelberg},
author={Quimper, Claude-Guy and van Beek, Peter and López-Ortiz, Alejandro and Golynski, Alexander and Sadjad, SayyedBashir},
pages={600-614},
language={English}
}
